@ARTICLE{Haddon_1981,
	author = {R.A.W. Haddon and P.W. Buchen},
	title = {Use of Kirchhoff's formula for body wave calculations in the Earth},
	year = {1981},
	journal = {Geophys. J.R. astr. Soc. 67, 587-598}
}
@BOOK{Zhdanov_1988,
	author = {М.С. Жданов and В.Ю. Матусевич and М.А. Френкель},
	publisher = {М.: Наука, 376 с.},
	title = {Сейсмическая и электромагнитная миграция},
	year = {1988}
}
@BOOK{Zhdanov_2007,
	author = {М.С. Жданов},
	publisher = {М.: Научный мир, 710 с.},
	title = {Теория обратных задач и регуляризации в геофизике},
	year = {2007}
}
